<?xml version="1.0" encoding="UTF-8"?><record xmlns="http://www.loc.gov/MARC21/slim" xmlns:cinclude="http://apache.org/cocoon/include/1.0" xmlns:zs="http://www.loc.gov/zing/srw/">
  <leader>00411nz  a2200121n  4500</leader>
  <controlfield tag="001">n 2004070530</controlfield>
  <controlfield tag="003">DLC</controlfield>
  <controlfield tag="005">20040429113627.0</controlfield>
  <controlfield tag="008">040429n| acannaabn          |n aad      </controlfield>
  <datafield tag="010" ind1=" " ind2=" ">
    <subfield code="a">n 2004070530</subfield>
  </datafield>
  <datafield tag="040" ind1=" " ind2=" ">
    <subfield code="a">DLC</subfield>
    <subfield code="b">eng</subfield>
    <subfield code="c">DLC</subfield>
  </datafield>
  <datafield tag="100" ind1="1" ind2=" ">
    <subfield code="a">Koonce, Paul C.</subfield>
    <subfield code="q">(Paul Christian),</subfield>
    <subfield code="d">1956-</subfield>
    <subfield code="t">Breath and the machine</subfield>
  </datafield>
  <datafield tag="670" ind1=" " ind2=" ">
    <subfield code="a">The International Computer Music Association Commission awards, 1997-99, p2001</subfield>
    <subfield code="b">(Breath and the machine)</subfield>
  </datafield>
</record>